#extracted bib from paper.tex and //Users/micha/Library/texmf/bibtex/bib/MyRefGlobal.bib at time.struct_time(tm_year=2016, tm_mon=1, tm_mday=29, tm_hour=14, tm_min=13, tm_sec=43, tm_wday=4, tm_yday=29, tm_isdst=0)
@preamble{"\newcommand{\SortNoop}[1]{}"} 

@book{LeeWagenmakers2013:Bayesian-Cognit,
	Address = {Cambridge, MA},
	Author = {Michael D. Lee and Eric-Jan Wagenmakers},
	Date-Added = {2013-08-12 08:41:39 +0000},
	Date-Modified = {2015-04-29 11:59:19 +0000},
	Publisher = {Cambridge University Press},
	Title = {{Bayesian Cognitive Modeling: {A} Practical Course}},
	Year = {2015},
	Bdsk-File-1 = {YnBsaXN0MDDUAQIDBAUGJCVYJHZlcnNpb25YJG9iamVjdHNZJGFyY2hpdmVyVCR0b3ASAAGGoKgHCBMUFRYaIVUkbnVsbNMJCgsMDxJXTlMua2V5c1pOUy5vYmplY3RzViRjbGFzc6INDoACgAOiEBGABIAFgAdccmVsYXRpdmVQYXRoWWFsaWFzRGF0YV8Qby4uLy4uLy4uLy4uL0Rlc2t0b3AvZGF0YS9zeW5jL0xpdGVyYXR1cmUvTGVlV2FnZW5tYWtlcnNfMjAxM19CYXllc2lhbiBDb2duaXRpdmUgTW9kZWxpbmcgQSBQcmFjdGljYWwgQ291cnNlLnBkZtIXCxgZV05TLmRhdGFPEQJsAAAAAAJsAAIAAAxNYWNpbnRvc2ggSEQAAAAAAAAAAAAAAAAAAADP1EbmSCsAAAAMe7UfTGVlV2FnZW5tYWtlcnNfMjAxM19CI0M3REFCLnBkZgAAAAAAAAAAAAAAAAAAAAAAAAAAAAAAAAAAAAAAAAAAAAx9q84prVgAAAAAAAAAAAAEAAUAAAkgAAAAAAAAAAAAAAAAAAAACkxpdGVyYXR1cmUAEAAIAADP1CrGAAAAEQAIAADOKZE4AAAAAQAYAAx7tQAMezsAC6hmAAq8iQAJPggAAmb5AAIAW01hY2ludG9zaCBIRDpVc2VyczoAbWljaGE6AERlc2t0b3A6AGRhdGE6AHN5bmM6AExpdGVyYXR1cmU6AExlZVdhZ2VubWFrZXJzXzIwMTNfQiNDN0RBQi5wZGYAAA4AjgBGAEwAZQBlAFcAYQBnAGUAbgBtAGEAawBlAHIAcwBfADIAMAAxADMAXwBCAGEAeQBlAHMAaQBhAG4AIABDAG8AZwBuAGkAdABpAHYAZQAgAE0AbwBkAGUAbABpAG4AZwAgAEEAIABQAHIAYQBjAHQAaQBjAGEAbAAgAEMAbwB1AHIAcwBlAC4AcABkAGYADwAaAAwATQBhAGMAaQBuAHQAbwBzAGgAIABIAEQAEgBvVXNlcnMvbWljaGEvRGVza3RvcC9kYXRhL3N5bmMvTGl0ZXJhdHVyZS9MZWVXYWdlbm1ha2Vyc18yMDEzX0JheWVzaWFuIENvZ25pdGl2ZSBNb2RlbGluZyBBIFByYWN0aWNhbCBDb3Vyc2UucGRmAAATAAEvAAAVAAIADP//AACABtIbHB0eWiRjbGFzc25hbWVYJGNsYXNzZXNdTlNNdXRhYmxlRGF0YaMdHyBWTlNEYXRhWE5TT2JqZWN00hscIiNcTlNEaWN0aW9uYXJ5oiIgXxAPTlNLZXllZEFyY2hpdmVy0SYnVHJvb3SAAQAIABEAGgAjAC0AMgA3AEAARgBNAFUAYABnAGoAbABuAHEAcwB1AHcAhACOAQABBQENA30DfwOEA48DmAOmA6oDsQO6A78DzAPPA+ED5APpAAAAAAAAAgEAAAAAAAAAKAAAAAAAAAAAAAAAAAAAA+s=},
	Bdsk-File-2 = {YnBsaXN0MDDUAQIDBAUGJCVYJHZlcnNpb25YJG9iamVjdHNZJGFyY2hpdmVyVCR0b3ASAAGGoKgHCBMUFRYaIVUkbnVsbNMJCgsMDxJXTlMua2V5c1pOUy5vYmplY3RzViRjbGFzc6INDoACgAOiEBGABIAFgAdccmVsYXRpdmVQYXRoWWFsaWFzRGF0YV8QcC4uLy4uLy4uLy4uL0Rlc2t0b3AvZGF0YS9zeW5jL0xpdGVyYXR1cmUvTGVlV2FnZW5tYWtlcnNfMjAxM19CYXllc2lhbiBDb2duaXRpdmUgTW9kZWxpbmcgQSBQcmFjdGljYWwgQ291cnNlYS5wZGbSFwsYGVdOUy5kYXRhTxECbgAAAAACbgACAAAMTWFjaW50b3NoIEhEAAAAAAAAAAAAAAAAAAAAz9RG5kgrAAAADHu1H0xlZVdhZ2VubWFrZXJzXzIwMTNfQiNDN0RBQy5wZGYAAAAAAAAAAAAAAAAAAAAAAAAAAAAAAAAAAAAAAAAAAAAMfazOLm0FAAAAAAAAAAAABAAFAAAJIAAAAAAAAAAAAAAAAAAAAApMaXRlcmF0dXJlABAACAAAz9QqxgAAABEACAAAzi5Q5QAAAAEAGAAMe7UADHs7AAuoZgAKvIkACT4IAAJm+QACAFtNYWNpbnRvc2ggSEQ6VXNlcnM6AG1pY2hhOgBEZXNrdG9wOgBkYXRhOgBzeW5jOgBMaXRlcmF0dXJlOgBMZWVXYWdlbm1ha2Vyc18yMDEzX0IjQzdEQUMucGRmAAAOAJAARwBMAGUAZQBXAGEAZwBlAG4AbQBhAGsAZQByAHMAXwAyADAAMQAzAF8AQgBhAHkAZQBzAGkAYQBuACAAQwBvAGcAbgBpAHQAaQB2AGUAIABNAG8AZABlAGwAaQBuAGcAIABBACAAUAByAGEAYwB0AGkAYwBhAGwAIABDAG8AdQByAHMAZQBhAC4AcABkAGYADwAaAAwATQBhAGMAaQBuAHQAbwBzAGgAIABIAEQAEgBwVXNlcnMvbWljaGEvRGVza3RvcC9kYXRhL3N5bmMvTGl0ZXJhdHVyZS9MZWVXYWdlbm1ha2Vyc18yMDEzX0JheWVzaWFuIENvZ25pdGl2ZSBNb2RlbGluZyBBIFByYWN0aWNhbCBDb3Vyc2VhLnBkZgATAAEvAAAVAAIADP//AACABtIbHB0eWiRjbGFzc25hbWVYJGNsYXNzZXNdTlNNdXRhYmxlRGF0YaMdHyBWTlNEYXRhWE5TT2JqZWN00hscIiNcTlNEaWN0aW9uYXJ5oiIgXxAPTlNLZXllZEFyY2hpdmVy0SYnVHJvb3SAAQAIABEAGgAjAC0AMgA3AEAARgBNAFUAYABnAGoAbABuAHEAcwB1AHcAhACOAQEBBgEOA4ADggOHA5IDmwOpA60DtAO9A8IDzwPSA+QD5wPsAAAAAAAAAgEAAAAAAAAAKAAAAAAAAAAAAAAAAAAAA+4=}}


@inproceedings{KaoBergen2014:Formalizing--th,
	Address = {Austin, TX},
	Author = {Justine T. Kao and Leon Bergen and Noah D. Goodman},
	Booktitle = {Proceedings of {CogSci} 36},
	Editor = {Paul Bello and Marcello Guarini and Marjorie McShane and Brian Scassellati},
	Publisher = {Cognitive Science Society},
	Title = {Formalizing the Pragmatics of Metaphor Understanding},
	Year = {2014}}


@book{MorganHenrion1990:Uncertainty:-A-,
	Address = {Cambridge, UK},
	Author = {M. Granger Morgan and Max Henrion},
	Date-Added = {2015-05-29 13:38:24 +0000},
	Date-Modified = {2015-05-29 13:40:05 +0000},
	Publisher = {Cambridge University Press},
	Title = {Uncertainty: {A} Guide to Dealing with Uncertainty in Quantitative Risk and Policy Analysis},
	Year = {1990},
	Bdsk-File-1 = {YnBsaXN0MDDUAQIDBAUGJCVYJHZlcnNpb25YJG9iamVjdHNZJGFyY2hpdmVyVCR0b3ASAAGGoKgHCBMUFRYaIVUkbnVsbNMJCgsMDxJXTlMua2V5c1pOUy5vYmplY3RzViRjbGFzc6INDoACgAOiEBGABIAFgAdccmVsYXRpdmVQYXRoWWFsaWFzRGF0YV8QhC4uLy4uLy4uLy4uL0Rlc2t0b3AvZGF0YS9zeW5jL0xpdGVyYXR1cmUvTW9yZ2FuSGVucmlvbl8xOTkwX1VuY2VydGFpbnR5IEEgR3VpZGUgdG8gRGVhbGluZyB3aXRoIFVuY2VydGFpbnR5IGluIFF1YW50aXRhdGl2ZSBSaXNrLnBkZtIXCxgZV05TLmRhdGFPEQKqAAAAAAKqAAIAAAxNYWNpbnRvc2ggSEQAAAAAAAAAAAAAAAAAAADP1EbmSCsAAAAMe7UfTW9yZ2FuSGVucmlvbl8xOTkwX1UjQTgxOTkxLnBkZgAAAAAAAAAAAAAAAAAAAAAAAAAAAAAAAAAAAAAAAAAAAKgZkdGLT0IAAAAAAAAAAAAEAAUAAAkgAAAAAAAAAAAAAAAAAAAACkxpdGVyYXR1cmUAEAAIAADP1CrGAAAAEQAIAADRizMiAAAAAQAYAAx7tQAMezsAC6hmAAq8iQAJPggAAmb5AAIAW01hY2ludG9zaCBIRDpVc2VyczoAbWljaGE6AERlc2t0b3A6AGRhdGE6AHN5bmM6AExpdGVyYXR1cmU6AE1vcmdhbkhlbnJpb25fMTk5MF9VI0E4MTk5MS5wZGYAAA4AuABbAE0AbwByAGcAYQBuAEgAZQBuAHIAaQBvAG4AXwAxADkAOQAwAF8AVQBuAGMAZQByAHQAYQBpAG4AdAB5ACAAQQAgAEcAdQBpAGQAZQAgAHQAbwAgAEQAZQBhAGwAaQBuAGcAIAB3AGkAdABoACAAVQBuAGMAZQByAHQAYQBpAG4AdAB5ACAAaQBuACAAUQB1AGEAbgB0AGkAdABhAHQAaQB2AGUAIABSAGkAcwBrAC4AcABkAGYADwAaAAwATQBhAGMAaQBuAHQAbwBzAGgAIABIAEQAEgCEVXNlcnMvbWljaGEvRGVza3RvcC9kYXRhL3N5bmMvTGl0ZXJhdHVyZS9Nb3JnYW5IZW5yaW9uXzE5OTBfVW5jZXJ0YWludHkgQSBHdWlkZSB0byBEZWFsaW5nIHdpdGggVW5jZXJ0YWludHkgaW4gUXVhbnRpdGF0aXZlIFJpc2sucGRmABMAAS8AABUAAgAM//8AAIAG0hscHR5aJGNsYXNzbmFtZVgkY2xhc3Nlc11OU011dGFibGVEYXRhox0fIFZOU0RhdGFYTlNPYmplY3TSGxwiI1xOU0RpY3Rpb25hcnmiIiBfEA9OU0tleWVkQXJjaGl2ZXLRJidUcm9vdIABAAgAEQAaACMALQAyADcAQABGAE0AVQBgAGcAagBsAG4AcQBzAHUAdwCEAI4BFQEaASID0APSA9cD4gPrA/kD/QQEBA0EEgQfBCIENAQ3BDwAAAAAAAACAQAAAAAAAAAoAAAAAAAAAAAAAAAAAAAEPg==}}

@article{GelmanRubin1992:Inference-from-,
	Author = {Andrew Gelman and Donald B. Rubin},
	Date-Added = {2015-03-13 09:05:24 +0000},
	Date-Modified = {2015-03-13 09:07:49 +0000},
	Journal = {Statistical Science},
	Keywords = {rhat, R-hat},
	Pages = {457--472},
	Title = {Inference from Iterative Simulation Using Multiple Sequences (with discussion)},
	Volume = {7},
	Year = {1992}}

@article{AndersenFountain2014:Estimating-Subj,
	Author = {Steffen Andersen and John Fountain and Glenn W. Harrison and E. Elisabet Rutstr\"{o}m},
	Date-Added = {2015-05-29 13:47:02 +0000},
	Date-Modified = {2015-05-29 13:48:10 +0000},
	Journal = {Journal of Risk and Uncertainty},
	Pages = {207--229},
	Title = {Estimating Subjective Probabilities},
	Volume = {48},
	Year = {2014},
	Bdsk-File-1 = {YnBsaXN0MDDUAQIDBAUGJCVYJHZlcnNpb25YJG9iamVjdHNZJGFyY2hpdmVyVCR0b3ASAAGGoKgHCBMUFRYaIVUkbnVsbNMJCgsMDxJXTlMua2V5c1pOUy5vYmplY3RzViRjbGFzc6INDoACgAOiEBGABIAFgAdccmVsYXRpdmVQYXRoWWFsaWFzRGF0YV8QZi4uLy4uLy4uLy4uL0Rlc2t0b3AvZGF0YS9zeW5jL0xpdGVyYXR1cmUvQW5kZXJzZW5Gb3VudGFpbl8yMDE0X0VzdGltYXRpbmcgU3ViamVjdGl2ZSBQcm9iYWJpbGl0aWVzLnBkZtIXCxgZV05TLmRhdGFPEQJQAAAAAAJQAAIAAAxNYWNpbnRvc2ggSEQAAAAAAAAAAAAAAAAAAADP1EbmSCsAAAAMe7UfQW5kZXJzZW5Gb3VudGFpbl8yMDEjQTgxQjIwLnBkZgAAAAAAAAAAAAAAAAAAAAAAAAAAAAAAAAAAAAAAAAAAAKgbINGOOnIAAAAAAAAAAAAEAAUAAAkgAAAAAAAAAAAAAAAAAAAACkxpdGVyYXR1cmUAEAAIAADP1CrGAAAAEQAIAADRjh5SAAAAAQAYAAx7tQAMezsAC6hmAAq8iQAJPggAAmb5AAIAW01hY2ludG9zaCBIRDpVc2VyczoAbWljaGE6AERlc2t0b3A6AGRhdGE6AHN5bmM6AExpdGVyYXR1cmU6AEFuZGVyc2VuRm91bnRhaW5fMjAxI0E4MUIyMC5wZGYAAA4AfAA9AEEAbgBkAGUAcgBzAGUAbgBGAG8AdQBuAHQAYQBpAG4AXwAyADAAMQA0AF8ARQBzAHQAaQBtAGEAdABpAG4AZwAgAFMAdQBiAGoAZQBjAHQAaQB2AGUAIABQAHIAbwBiAGEAYgBpAGwAaQB0AGkAZQBzAC4AcABkAGYADwAaAAwATQBhAGMAaQBuAHQAbwBzAGgAIABIAEQAEgBmVXNlcnMvbWljaGEvRGVza3RvcC9kYXRhL3N5bmMvTGl0ZXJhdHVyZS9BbmRlcnNlbkZvdW50YWluXzIwMTRfRXN0aW1hdGluZyBTdWJqZWN0aXZlIFByb2JhYmlsaXRpZXMucGRmABMAAS8AABUAAgAM//8AAIAG0hscHR5aJGNsYXNzbmFtZVgkY2xhc3Nlc11OU011dGFibGVEYXRhox0fIFZOU0RhdGFYTlNPYmplY3TSGxwiI1xOU0RpY3Rpb25hcnmiIiBfEA9OU0tleWVkQXJjaGl2ZXLRJidUcm9vdIABAAgAEQAaACMALQAyADcAQABGAE0AVQBgAGcAagBsAG4AcQBzAHUAdwCEAI4A9wD8AQQDWANaA18DagNzA4EDhQOMA5UDmgOnA6oDvAO/A8QAAAAAAAACAQAAAAAAAAAoAAAAAAAAAAAAAAAAAAADxg==}}


@article{FrankGoodman2012:Predicting-Prag,
	Author = {Michael C. Frank and Noah D. Goodman},
	Journal = {Science},
	Number = {6084},
	Pages = {998},
	Title = {Predicting Pragmatic Reasoning in Language Games},
	Volume = {336},
	Year = {2012}}


@book{GelmanCarlin2014:Bayesian-Data-A,
	Address = {Boca Raton},
	Author = {Andrew Gelman and John B. Carlin and Hal S. Stern and Donald B. Rubin},
	Edition = {3rd edition},
	Publisher = {Chapman and Hall},
	Title = {Bayesian Data Analysis},
	Year = {2014}}


l@inproceedings{TauberSteyvers2013:Inferring-Subje,
	Author = {Sean Tauber and Mark Steyvers},
	Booktitle = {Proceedings of the {CogSci} 35},
	Editor = {Markus Knauff and Michael Pauen and Natalie Sebanz and Ipke Wachsmuth},
	Pages = {3510--3515},
	Title = {Inferring Subjective Prior Knowledge: {A}n Integrative {B}ayesian Approach},
	Year = 2013}


@article{Manski2004:Measuring-Expec,
	Author = {Charles F. Manski},
	Date-Added = {2015-03-25 12:03:37 +0000},
	Date-Modified = {2015-03-25 12:05:23 +0000},
	Journal = {Econometrica},
	Number = {5},
	Pages = {1329--1376},
	Title = {Measuring Expectations},
	Volume = {72},
	Year = {2004},
	Bdsk-File-1 = {YnBsaXN0MDDUAQIDBAUGJCVYJHZlcnNpb25YJG9iamVjdHNZJGFyY2hpdmVyVCR0b3ASAAGGoKgHCBMUFRYaIVUkbnVsbNMJCgsMDxJXTlMua2V5c1pOUy5vYmplY3RzViRjbGFzc6INDoACgAOiEBGABIAFgAdccmVsYXRpdmVQYXRoWWFsaWFzRGF0YV8QTy4uLy4uLy4uLy4uL0Rlc2t0b3AvZGF0YS9zeW5jL0xpdGVyYXR1cmUvTWFuc2tpXzIwMDRfTWVhc3VyaW5nIEV4cGVjdGF0aW9ucy5wZGbSFwsYGVdOUy5kYXRhTxECDAAAAAACDAACAAAMTWFjaW50b3NoIEhEAAAAAAAAAAAAAAAAAAAAz9RG5kgrAAAADHu1H01hbnNraV8yMDA0X01lYXN1cmluIzkwMjFGQi5wZGYAAAAAAAAAAAAAAAAAAAAAAAAAAAAAAAAAAAAAAAAAAACQIfvRCR0cAAAAAAAAAAAABAAFAAAJIAAAAAAAAAAAAAAAAAAAAApMaXRlcmF0dXJlABAACAAAz9QqxgAAABEACAAA0QkPDAAAAAEAGAAMe7UADHs7AAuoZgAKvIkACT4IAAJm+QACAFtNYWNpbnRvc2ggSEQ6VXNlcnM6AG1pY2hhOgBEZXNrdG9wOgBkYXRhOgBzeW5jOgBMaXRlcmF0dXJlOgBNYW5za2lfMjAwNF9NZWFzdXJpbiM5MDIxRkIucGRmAAAOAE4AJgBNAGEAbgBzAGsAaQBfADIAMAAwADQAXwBNAGUAYQBzAHUAcgBpAG4AZwAgAEUAeABwAGUAYwB0AGEAdABpAG8AbgBzAC4AcABkAGYADwAaAAwATQBhAGMAaQBuAHQAbwBzAGgAIABIAEQAEgBPVXNlcnMvbWljaGEvRGVza3RvcC9kYXRhL3N5bmMvTGl0ZXJhdHVyZS9NYW5za2lfMjAwNF9NZWFzdXJpbmcgRXhwZWN0YXRpb25zLnBkZgAAEwABLwAAFQACAAz//wAAgAbSGxwdHlokY2xhc3NuYW1lWCRjbGFzc2VzXU5TTXV0YWJsZURhdGGjHR8gVk5TRGF0YVhOU09iamVjdNIbHCIjXE5TRGljdGlvbmFyeaIiIF8QD05TS2V5ZWRBcmNoaXZlctEmJ1Ryb290gAEACAARABoAIwAtADIANwBAAEYATQBVAGAAZwBqAGwAbgBxAHMAdQB3AIQAjgDgAOUA7QL9Av8DBAMPAxgDJgMqAzEDOgM/A0wDTwNhA2QDaQAAAAAAAAIBAAAAAAAAACgAAAAAAAAAAAAAAAAAAANr}}

@article{GriffithsTenenbaum2006:Optimal-Predict,
	Author = {Thomas L. Griffiths and Joshua B. Tenenbaum},
	Date-Added = {2014-09-20 12:21:24 +0000},
	Date-Modified = {2014-09-20 12:23:00 +0000},
	Journal = {Psychological Science},
	Number = {9},
	Pages = {767--773},
	Title = {Optimal Predictions in Everyday Cognition},
	Volume = {17},
	Year = {2006},
	Bdsk-File-1 = {YnBsaXN0MDDUAQIDBAUGJCVYJHZlcnNpb25YJG9iamVjdHNZJGFyY2hpdmVyVCR0b3ASAAGGoKgHCBMUFRYaIVUkbnVsbNMJCgsMDxJXTlMua2V5c1pOUy5vYmplY3RzViRjbGFzc6INDoACgAOiEBGABIAFgAdccmVsYXRpdmVQYXRoWWFsaWFzRGF0YV8Qbi4uLy4uLy4uLy4uL0Rlc2t0b3AvZGF0YS9zeW5jL0xpdGVyYXR1cmUvR3JpZmZpdGhzVGVuZW5iYXVtXzIwMDZfT3B0aW1hbCBQcmVkaWN0aW9ucyBpbiBFdmVyeWRheSBDb2duaXRpb24ucGRm0hcLGBlXTlMuZGF0YU8RAmgAAAAAAmgAAgAADE1hY2ludG9zaCBIRAAAAAAAAAAAAAAAAAAAAM/URuZIKwAAAAx7tR9HcmlmZml0aHNUZW5lbmJhdW1fMiMyQzgwM0MucGRmAAAAAAAAAAAAAAAAAAAAAAAAAAAAAAAAAAAAAAAAAAAALIA80EM+CQAAAAAAAAAAAAQABQAACSAAAAAAAAAAAAAAAAAAAAAKTGl0ZXJhdHVyZQAQAAgAAM/UKsYAAAARAAgAANBDIekAAAABABgADHu1AAx7OwALqGYACryJAAk+CAACZvkAAgBbTWFjaW50b3NoIEhEOlVzZXJzOgBtaWNoYToARGVza3RvcDoAZGF0YToAc3luYzoATGl0ZXJhdHVyZToAR3JpZmZpdGhzVGVuZW5iYXVtXzIjMkM4MDNDLnBkZgAADgCMAEUARwByAGkAZgBmAGkAdABoAHMAVABlAG4AZQBuAGIAYQB1AG0AXwAyADAAMAA2AF8ATwBwAHQAaQBtAGEAbAAgAFAAcgBlAGQAaQBjAHQAaQBvAG4AcwAgAGkAbgAgAEUAdgBlAHIAeQBkAGEAeQAgAEMAbwBnAG4AaQB0AGkAbwBuAC4AcABkAGYADwAaAAwATQBhAGMAaQBuAHQAbwBzAGgAIABIAEQAEgBuVXNlcnMvbWljaGEvRGVza3RvcC9kYXRhL3N5bmMvTGl0ZXJhdHVyZS9HcmlmZml0aHNUZW5lbmJhdW1fMjAwNl9PcHRpbWFsIFByZWRpY3Rpb25zIGluIEV2ZXJ5ZGF5IENvZ25pdGlvbi5wZGYAEwABLwAAFQACAAz//wAAgAbSGxwdHlokY2xhc3NuYW1lWCRjbGFzc2VzXU5TTXV0YWJsZURhdGGjHR8gVk5TRGF0YVhOU09iamVjdNIbHCIjXE5TRGljdGlvbmFyeaIiIF8QD05TS2V5ZWRBcmNoaXZlctEmJ1Ryb290gAEACAARABoAIwAtADIANwBAAEYATQBVAGAAZwBqAGwAbgBxAHMAdQB3AIQAjgD/AQQBDAN4A3oDfwOKA5MDoQOlA6wDtQO6A8cDygPcA98D5AAAAAAAAAIBAAAAAAAAACgAAAAAAAAAAAAAAAAAAAPm}}

@article{LewandowskyGriffiths2009:The-Wisdom-of-I,
	Author = {Stephan Lewandowsky and Thomas L. Griffiths and Michael L. Kalish},
	Date-Added = {2015-02-18 08:13:09 +0000},
	Date-Modified = {2015-02-18 08:22:18 +0000},
	Journal = {Cognitive Science},
	Pages = {969--998},
	Title = {The Wisdom of Individuals: {E}xploring People's Knowledge about Everyday Events Using Iterated Learning},
	Volume = {33},
	Year = {2009},
	Bdsk-File-1 = {YnBsaXN0MDDUAQIDBAUGJCVYJHZlcnNpb25YJG9iamVjdHNZJGFyY2hpdmVyVCR0b3ASAAGGoKgHCBMUFRYaIVUkbnVsbNMJCgsMDxJXTlMua2V5c1pOUy5vYmplY3RzViRjbGFzc6INDoACgAOiEBGABIAFgAdccmVsYXRpdmVQYXRoWWFsaWFzRGF0YV8QjC4uLy4uLy4uLy4uL0Rlc2t0b3AvZGF0YS9zeW5jL0xpdGVyYXR1cmUvTGV3YW5kb3dza3lHcmlmZml0aHNfMjAwOV9UaGUgV2lzZG9tIG9mIEluZGl2aWR1YWxzIEV4cGxvcmluZyBQZW9wbGUncyBLbm93bGVkZ2UgYWJvdXQgRXZlcnlkYXkucGRm0hcLGBlXTlMuZGF0YU8RAsIAAAAAAsIAAgAADE1hY2ludG9zaCBIRAAAAAAAAAAAAAAAAAAAAM/URuZIKwAAAAx7tR9MZXdhbmRvd3NreUdyaWZmaXRocyM3RDhGM0IucGRmAAAAAAAAAAAAAAAAAAAAAAAAAAAAAAAAAAAAAAAAAAAAfY870QpKIwAAAAAAAAAAAAQABQAACSAAAAAAAAAAAAAAAAAAAAAKTGl0ZXJhdHVyZQAQAAgAAM/UKsYAAAARAAgAANEKPBMAAAABABgADHu1AAx7OwALqGYACryJAAk+CAACZvkAAgBbTWFjaW50b3NoIEhEOlVzZXJzOgBtaWNoYToARGVza3RvcDoAZGF0YToAc3luYzoATGl0ZXJhdHVyZToATGV3YW5kb3dza3lHcmlmZml0aHMjN0Q4RjNCLnBkZgAADgDIAGMATABlAHcAYQBuAGQAbwB3AHMAawB5AEcAcgBpAGYAZgBpAHQAaABzAF8AMgAwADAAOQBfAFQAaABlACAAVwBpAHMAZABvAG0AIABvAGYAIABJAG4AZABpAHYAaQBkAHUAYQBsAHMAIABFAHgAcABsAG8AcgBpAG4AZwAgAFAAZQBvAHAAbABlACcAcwAgAEsAbgBvAHcAbABlAGQAZwBlACAAYQBiAG8AdQB0ACAARQB2AGUAcgB5AGQAYQB5AC4AcABkAGYADwAaAAwATQBhAGMAaQBuAHQAbwBzAGgAIABIAEQAEgCMVXNlcnMvbWljaGEvRGVza3RvcC9kYXRhL3N5bmMvTGl0ZXJhdHVyZS9MZXdhbmRvd3NreUdyaWZmaXRoc18yMDA5X1RoZSBXaXNkb20gb2YgSW5kaXZpZHVhbHMgRXhwbG9yaW5nIFBlb3BsZSdzIEtub3dsZWRnZSBhYm91dCBFdmVyeWRheS5wZGYAEwABLwAAFQACAAz//wAAgAbSGxwdHlokY2xhc3NuYW1lWCRjbGFzc2VzXU5TTXV0YWJsZURhdGGjHR8gVk5TRGF0YVhOU09iamVjdNIbHCIjXE5TRGljdGlvbmFyeaIiIF8QD05TS2V5ZWRBcmNoaXZlctEmJ1Ryb290gAEACAARABoAIwAtADIANwBAAEYATQBVAGAAZwBqAGwAbgBxAHMAdQB3AIQAjgEdASIBKgPwA/ID9wQCBAsEGQQdBCQELQQyBD8EQgRUBFcEXAAAAAAAAAIBAAAAAAAAACgAAAAAAAAAAAAAAAAAAARe}}


@inproceedings{Tessler2015:Understanding-B,
	Author = {Michael Henry Tessler},
	Booktitle = {Proceedings of {ESSLLI} Student Session},
	Title = {Understanding \textit{Belief bias} by measuring prior beliefs for a {B}ayesian model of syllogistic reasoning},
	Year = {2015}}


@article{MarcusDavis2013:How-Robust-Are-,
	Author = {Gary F. Marcus and Ernest Davis},
	Date-Added = {2014-11-04 08:46:30 +0000},
	Date-Modified = {2014-11-04 08:48:13 +0000},
	Journal = {Psychol Science},
	Number = {12},
	Pages = {2351--2360},
	Title = {How Robust Are Probabilistic Models of Higher-Level Cognition?},
	Volume = {24},
	Year = {2013},
	Bdsk-File-1 = {YnBsaXN0MDDUAQIDBAUGJCVYJHZlcnNpb25YJG9iamVjdHNZJGFyY2hpdmVyVCR0b3ASAAGGoKgHCBMUFRYaIVUkbnVsbNMJCgsMDxJXTlMua2V5c1pOUy5vYmplY3RzViRjbGFzc6INDoACgAOiEBGABIAFgAdccmVsYXRpdmVQYXRoWWFsaWFzRGF0YV8QfC4uLy4uLy4uLy4uL0Rlc2t0b3AvZGF0YS9zeW5jL0xpdGVyYXR1cmUvTWFyY3VzRGF2aXNfMjAxM19Ib3cgUm9idXN0IEFyZSBQcm9iYWJpbGlzdGljIE1vZGVscyBvZiBIaWdoZXItTGV2ZWwgQ29nbml0aW9uPy5wZGbSFwsYGVdOUy5kYXRhTxECkgAAAAACkgACAAAMTWFjaW50b3NoIEhEAAAAAAAAAAAAAAAAAAAAz9RG5kgrAAAADHu1H01hcmN1c0RhdmlzXzIwMTNfSG93I0I3MjA5RC5wZGYAAAAAAAAAAAAAAAAAAAAAAAAAAAAAAAAAAAAAAAAAAAC3IJ3R7iKwAAAAAAAAAAAABAAFAAAJIAAAAAAAAAAAAAAAAAAAAApMaXRlcmF0dXJlABAACAAAz9QqxgAAABEACAAA0e4GkAAAAAEAGAAMe7UADHs7AAuoZgAKvIkACT4IAAJm+QACAFtNYWNpbnRvc2ggSEQ6VXNlcnM6AG1pY2hhOgBEZXNrdG9wOgBkYXRhOgBzeW5jOgBMaXRlcmF0dXJlOgBNYXJjdXNEYXZpc18yMDEzX0hvdyNCNzIwOUQucGRmAAAOAKgAUwBNAGEAcgBjAHUAcwBEAGEAdgBpAHMAXwAyADAAMQAzAF8ASABvAHcAIABSAG8AYgB1AHMAdAAgAEEAcgBlACAAUAByAG8AYgBhAGIAaQBsAGkAcwB0AGkAYwAgAE0AbwBkAGUAbABzACAAbwBmACAASABpAGcAaABlAHIALQBMAGUAdgBlAGwAIABDAG8AZwBuAGkAdABpAG8AbgA/AC4AcABkAGYADwAaAAwATQBhAGMAaQBuAHQAbwBzAGgAIABIAEQAEgB8VXNlcnMvbWljaGEvRGVza3RvcC9kYXRhL3N5bmMvTGl0ZXJhdHVyZS9NYXJjdXNEYXZpc18yMDEzX0hvdyBSb2J1c3QgQXJlIFByb2JhYmlsaXN0aWMgTW9kZWxzIG9mIEhpZ2hlci1MZXZlbCBDb2duaXRpb24/LnBkZgATAAEvAAAVAAIADP//AACABtIbHB0eWiRjbGFzc25hbWVYJGNsYXNzZXNdTlNNdXRhYmxlRGF0YaMdHyBWTlNEYXRhWE5TT2JqZWN00hscIiNcTlNEaWN0aW9uYXJ5oiIgXxAPTlNLZXllZEFyY2hpdmVy0SYnVHJvb3SAAQAIABEAGgAjAC0AMgA3AEAARgBNAFUAYABnAGoAbABuAHEAcwB1AHcAhACOAQ0BEgEaA7ADsgO3A8IDywPZA90D5APtA/ID/wQCBBQEFwQcAAAAAAAAAgEAAAAAAAAAKAAAAAAAAAAAAAAAAAAABB4=}}

@inproceedings{Plummer2003:JAGS:-A-Program,
	Author = {Martyn Plummer},
	Booktitle = {{Proceedings of Distributed Statistical Computing 3}},
	Date-Added = {2013-08-13 12:30:47 +0000},
	Date-Modified = {2014-01-30 11:13:22 +0000},
	Editor = {Kurt Hornik and Friedrich Leisch and Achim Zeileis},
	Title = {{JAGS}: {A} Program for Analysis of {B}ayesian Graphical Models Using {G}ibbs Sampling},
	Year = {2003},
	Bdsk-File-1 = {YnBsaXN0MDDUAQIDBAUGJCVYJHZlcnNpb25YJG9iamVjdHNZJGFyY2hpdmVyVCR0b3ASAAGGoKgHCBMUFRYaIVUkbnVsbNMJCgsMDxJXTlMua2V5c1pOUy5vYmplY3RzViRjbGFzc6INDoACgAOiEBGABIAFgAdccmVsYXRpdmVQYXRoWWFsaWFzRGF0YV8QeC4uLy4uLy4uLy4uL0Rlc2t0b3AvZGF0YS9zeW5jL0xpdGVyYXR1cmUvUGx1bW1lcl8yMDAzX0pBR1MgQSBQcm9ncmFtIGZvciBBbmFseXNpcyBvZiBCYXllc2lhbiBHcmFwaGljYWwgTW9kZWxzIFVzaW5nLnBkZtIXCxgZV05TLmRhdGFPEQKGAAAAAAKGAAIAAAxNYWNpbnRvc2ggSEQAAAAAAAAAAAAAAAAAAADP1EbmSCsAAAAMe7UfUGx1bW1lcl8yMDAzX0pBR1MgQSBQI0M3RjI4LnBkZgAAAAAAAAAAAAAAAAAAAAAAAAAAAAAAAAAAAAAAAAAAAAx/KM4v8+4AAAAAAAAAAAAEAAUAAAkgAAAAAAAAAAAAAAAAAAAACkxpdGVyYXR1cmUAEAAIAADP1CrGAAAAEQAIAADOL9fOAAAAAQAYAAx7tQAMezsAC6hmAAq8iQAJPggAAmb5AAIAW01hY2ludG9zaCBIRDpVc2VyczoAbWljaGE6AERlc2t0b3A6AGRhdGE6AHN5bmM6AExpdGVyYXR1cmU6AFBsdW1tZXJfMjAwM19KQUdTIEEgUCNDN0YyOC5wZGYAAA4AoABPAFAAbAB1AG0AbQBlAHIAXwAyADAAMAAzAF8ASgBBAEcAUwAgAEEAIABQAHIAbwBnAHIAYQBtACAAZgBvAHIAIABBAG4AYQBsAHkAcwBpAHMAIABvAGYAIABCAGEAeQBlAHMAaQBhAG4AIABHAHIAYQBwAGgAaQBjAGEAbAAgAE0AbwBkAGUAbABzACAAVQBzAGkAbgBnAC4AcABkAGYADwAaAAwATQBhAGMAaQBuAHQAbwBzAGgAIABIAEQAEgB4VXNlcnMvbWljaGEvRGVza3RvcC9kYXRhL3N5bmMvTGl0ZXJhdHVyZS9QbHVtbWVyXzIwMDNfSkFHUyBBIFByb2dyYW0gZm9yIEFuYWx5c2lzIG9mIEJheWVzaWFuIEdyYXBoaWNhbCBNb2RlbHMgVXNpbmcucGRmABMAAS8AABUAAgAM//8AAIAG0hscHR5aJGNsYXNzbmFtZVgkY2xhc3Nlc11OU011dGFibGVEYXRhox0fIFZOU0RhdGFYTlNPYmplY3TSGxwiI1xOU0RpY3Rpb25hcnmiIiBfEA9OU0tleWVkQXJjaGl2ZXLRJidUcm9vdIABAAgAEQAaACMALQAyADcAQABGAE0AVQBgAGcAagBsAG4AcQBzAHUAdwCEAI4BCQEOARYDoAOiA6cDsgO7A8kDzQPUA90D4gPvA/IEBAQHBAwAAAAAAAACAQAAAAAAAAAoAAAAAAAAAAAAAAAAAAAEDg==}}

@inproceedings{SchollerFranke2015:Semantic-values,
	Author = {Anthea Sch\"{o}ller and Michael Franke},
	Booktitle = {Proceedings of {SALT}},
	Date-Added = {2016-01-05 13:51:08 +0000},
	Date-Modified = {2016-01-18 06:23:30 +0000},
	Editor = {Sarah D'Antonio and Mary Moroney and Carol Rose Little},
	Title = {Semantic values as latent parameters: {S}urprising \emph{few} \& \emph{many}},
	Year = {2015},
	Bdsk-File-1 = {YnBsaXN0MDDUAQIDBAUGJCVYJHZlcnNpb25YJG9iamVjdHNZJGFyY2hpdmVyVCR0b3ASAAGGoKgHCBMUFRYaIVUkbnVsbNMJCgsMDxJXTlMua2V5c1pOUy5vYmplY3RzViRjbGFzc6INDoACgAOiEBGABIAFgAdccmVsYXRpdmVQYXRoWWFsaWFzRGF0YV8QfC4uLy4uLy4uLy4uL0Rlc2t0b3AvZGF0YS9zeW5jL0xpdGVyYXR1cmUvU2Nob2xsZXJGcmFua2VfMjAxNV9TZW1hbnRpYyB2YWx1ZXMgYXMgbGF0ZW50IHBhcmFtZXRlcnMgc3VycHJpc2luZyBmZXcgXCYgbWFueS5wZGbSFwsYGVdOUy5kYXRhTxECkgAAAAACkgACAAAMTWFjaW50b3NoIEhEAAAAAAAAAAAAAAAAAAAAz9RG5kgrAAAADHu1H1NjaG9sbGVyRnJhbmtlXzIwMTVfI0ZCMEE3RS5wZGYAAAAAAAAAAAAAAAAAAAAAAAAAAAAAAAAAAAAAAAAAAAD7Cn7SyTdhAAAAAAAAAAAABAAFAAAJIAAAAAAAAAAAAAAAAAAAAApMaXRlcmF0dXJlABAACAAAz9QqxgAAABEACAAA0skpUQAAAAEAGAAMe7UADHs7AAuoZgAKvIkACT4IAAJm+QACAFtNYWNpbnRvc2ggSEQ6VXNlcnM6AG1pY2hhOgBEZXNrdG9wOgBkYXRhOgBzeW5jOgBMaXRlcmF0dXJlOgBTY2hvbGxlckZyYW5rZV8yMDE1XyNGQjBBN0UucGRmAAAOAKgAUwBTAGMAaABvAGwAbABlAHIARgByAGEAbgBrAGUAXwAyADAAMQA1AF8AUwBlAG0AYQBuAHQAaQBjACAAdgBhAGwAdQBlAHMAIABhAHMAIABsAGEAdABlAG4AdAAgAHAAYQByAGEAbQBlAHQAZQByAHMAIABzAHUAcgBwAHIAaQBzAGkAbgBnACAAZgBlAHcAIABcACYAIABtAGEAbgB5AC4AcABkAGYADwAaAAwATQBhAGMAaQBuAHQAbwBzAGgAIABIAEQAEgB8VXNlcnMvbWljaGEvRGVza3RvcC9kYXRhL3N5bmMvTGl0ZXJhdHVyZS9TY2hvbGxlckZyYW5rZV8yMDE1X1NlbWFudGljIHZhbHVlcyBhcyBsYXRlbnQgcGFyYW1ldGVycyBzdXJwcmlzaW5nIGZldyBcJiBtYW55LnBkZgATAAEvAAAVAAIADP//AACABtIbHB0eWiRjbGFzc25hbWVYJGNsYXNzZXNdTlNNdXRhYmxlRGF0YaMdHyBWTlNEYXRhWE5TT2JqZWN00hscIiNcTlNEaWN0aW9uYXJ5oiIgXxAPTlNLZXllZEFyY2hpdmVy0SYnVHJvb3SAAQAIABEAGgAjAC0AMgA3AEAARgBNAFUAYABnAGoAbABuAHEAcwB1AHcAhACOAQ0BEgEaA7ADsgO3A8IDywPZA90D5APtA/ID/wQCBBQEFwQcAAAAAAAAAgEAAAAAAAAAKAAAAAAAAAAAAAAAAAAABB4=}}

@article{KaoWu2014:Nonliteral-Unde,
	Author = {Justine T. Kao and Jean Y. Wu and Leon Bergen and Noah D. Goodman},
	Date-Added = {2014-11-04 08:50:54 +0000},
	Date-Modified = {2015-04-29 12:17:21 +0000},
	Journal = {PNAS},
	Number = {33},
	Pages = {12002--12007},
	Title = {Nonliteral Understanding of Number Words},
	Volume = {111},
	Year = {2014},
	Bdsk-File-1 = {YnBsaXN0MDDUAQIDBAUGJCVYJHZlcnNpb25YJG9iamVjdHNZJGFyY2hpdmVyVCR0b3ASAAGGoKgHCBMUFRYaIVUkbnVsbNMJCgsMDxJXTlMua2V5c1pOUy5vYmplY3RzViRjbGFzc6INDoACgAOiEBGABIAFgAdccmVsYXRpdmVQYXRoWWFsaWFzRGF0YV8QYC4uLy4uLy4uLy4uL0Rlc2t0b3AvZGF0YS9zeW5jL0xpdGVyYXR1cmUvS2FvV3VfMjAxNF9Ob25saXRlcmFsIFVuZGVyc3RhbmRpbmcgb2YgTnVtYmVyIFdvcmRzLnBkZtIXCxgZV05TLmRhdGFPEQI+AAAAAAI+AAIAAAxNYWNpbnRvc2ggSEQAAAAAAAAAAAAAAAAAAADP1EbmSCsAAAAMe7UfS2FvV3VfMjAxNF9Ob25saXRlcmEjMzdEMzEyLnBkZgAAAAAAAAAAAAAAAAAAAAAAAAAAAAAAAAAAAAAAAAAAADfTEtBayt0AAAAAAAAAAAAEAAUAAAkgAAAAAAAAAAAAAAAAAAAACkxpdGVyYXR1cmUAEAAIAADP1CrGAAAAEQAIAADQWq69AAAAAQAYAAx7tQAMezsAC6hmAAq8iQAJPggAAmb5AAIAW01hY2ludG9zaCBIRDpVc2VyczoAbWljaGE6AERlc2t0b3A6AGRhdGE6AHN5bmM6AExpdGVyYXR1cmU6AEthb1d1XzIwMTRfTm9ubGl0ZXJhIzM3RDMxMi5wZGYAAA4AcAA3AEsAYQBvAFcAdQBfADIAMAAxADQAXwBOAG8AbgBsAGkAdABlAHIAYQBsACAAVQBuAGQAZQByAHMAdABhAG4AZABpAG4AZwAgAG8AZgAgAE4AdQBtAGIAZQByACAAVwBvAHIAZABzAC4AcABkAGYADwAaAAwATQBhAGMAaQBuAHQAbwBzAGgAIABIAEQAEgBgVXNlcnMvbWljaGEvRGVza3RvcC9kYXRhL3N5bmMvTGl0ZXJhdHVyZS9LYW9XdV8yMDE0X05vbmxpdGVyYWwgVW5kZXJzdGFuZGluZyBvZiBOdW1iZXIgV29yZHMucGRmABMAAS8AABUAAgAM//8AAIAG0hscHR5aJGNsYXNzbmFtZVgkY2xhc3Nlc11OU011dGFibGVEYXRhox0fIFZOU0RhdGFYTlNPYmplY3TSGxwiI1xOU0RpY3Rpb25hcnmiIiBfEA9OU0tleWVkQXJjaGl2ZXLRJidUcm9vdIABAAgAEQAaACMALQAyADcAQABGAE0AVQBgAGcAagBsAG4AcQBzAHUAdwCEAI4A8QD2AP4DQANCA0cDUgNbA2kDbQN0A30DggOPA5IDpAOnA6wAAAAAAAACAQAAAAAAAAAoAAAAAAAAAAAAAAAAAAADrg==}}

@article{SchlagTremewan2014:A-penny-for-you,
	Author = {Karl H. Schlag and James Tremewan and Jo\"{e}l J. van der Weele},
	Date-Added = {2015-05-29 13:58:47 +0000},
	Date-Modified = {2015-05-29 14:00:01 +0000},
	Journal = {Experimental Economics},
	Title = {A penny for your thoughts: a survey of methods for eliciting beliefs},
	Year = {online first},
	Bdsk-File-1 = {YnBsaXN0MDDUAQIDBAUGJCVYJHZlcnNpb25YJG9iamVjdHNZJGFyY2hpdmVyVCR0b3ASAAGGoKgHCBMUFRYaIVUkbnVsbNMJCgsMDxJXTlMua2V5c1pOUy5vYmplY3RzViRjbGFzc6INDoACgAOiEBGABIAFgAdccmVsYXRpdmVQYXRoWWFsaWFzRGF0YV8QhC4uLy4uLy4uLy4uL0Rlc2t0b3AvZGF0YS9zeW5jL0xpdGVyYXR1cmUvU2NobGFnVHJlbWV3YW5fMjAxNV9BIHBlbm55IGZvciB5b3VyIHRob3VnaHRzIGEgc3VydmV5IG9mIG1ldGhvZHMgZm9yIGVsaWNpdGluZyBiZWxpZWZzLnBkZtIXCxgZV05TLmRhdGFPEQKqAAAAAAKqAAIAAAxNYWNpbnRvc2ggSEQAAAAAAAAAAAAAAAAAAADP1EbmSCsAAAAMe7UfU2NobGFnVHJlbWV3YW5fMjAxNV8jQTgxRDhDLnBkZgAAAAAAAAAAAAAAAAAAAAAAAAAAAAAAAAAAAAAAAAAAAKgdjNGOPSoAAAAAAAAAAAAEAAUAAAkgAAAAAAAAAAAAAAAAAAAACkxpdGVyYXR1cmUAEAAIAADP1CrGAAAAEQAIAADRjiEKAAAAAQAYAAx7tQAMezsAC6hmAAq8iQAJPggAAmb5AAIAW01hY2ludG9zaCBIRDpVc2VyczoAbWljaGE6AERlc2t0b3A6AGRhdGE6AHN5bmM6AExpdGVyYXR1cmU6AFNjaGxhZ1RyZW1ld2FuXzIwMTVfI0E4MUQ4Qy5wZGYAAA4AuABbAFMAYwBoAGwAYQBnAFQAcgBlAG0AZQB3AGEAbgBfADIAMAAxADUAXwBBACAAcABlAG4AbgB5ACAAZgBvAHIAIAB5AG8AdQByACAAdABoAG8AdQBnAGgAdABzACAAYQAgAHMAdQByAHYAZQB5ACAAbwBmACAAbQBlAHQAaABvAGQAcwAgAGYAbwByACAAZQBsAGkAYwBpAHQAaQBuAGcAIABiAGUAbABpAGUAZgBzAC4AcABkAGYADwAaAAwATQBhAGMAaQBuAHQAbwBzAGgAIABIAEQAEgCEVXNlcnMvbWljaGEvRGVza3RvcC9kYXRhL3N5bmMvTGl0ZXJhdHVyZS9TY2hsYWdUcmVtZXdhbl8yMDE1X0EgcGVubnkgZm9yIHlvdXIgdGhvdWdodHMgYSBzdXJ2ZXkgb2YgbWV0aG9kcyBmb3IgZWxpY2l0aW5nIGJlbGllZnMucGRmABMAAS8AABUAAgAM//8AAIAG0hscHR5aJGNsYXNzbmFtZVgkY2xhc3Nlc11OU011dGFibGVEYXRhox0fIFZOU0RhdGFYTlNPYmplY3TSGxwiI1xOU0RpY3Rpb25hcnmiIiBfEA9OU0tleWVkQXJjaGl2ZXLRJidUcm9vdIABAAgAEQAaACMALQAyADcAQABGAE0AVQBgAGcAagBsAG4AcQBzAHUAdwCEAI4BFQEaASID0APSA9cD4gPrA/kD/QQEBA0EEgQfBCIENAQ3BDwAAAAAAAACAQAAAAAAAAAoAAAAAAAAAAAAAAAAAAAEPg==}}

@inproceedings{DegenTessler2015:Wonky-worlds:-L,
	Author = {Judith Degen and Michael Henry Tessler and Noah D. Goodman},
	Booktitle = {Proceedings of {CogSci} 37},
	Date-Added = {2015-05-07 13:40:26 +0000},
	Date-Modified = {2015-05-07 13:41:18 +0000},
	Title = {Wonky worlds: {L}isteners revise world knowledge when utterances are odd},
	Year = 2015,
	Bdsk-File-1 = {YnBsaXN0MDDUAQIDBAUGJCVYJHZlcnNpb25YJG9iamVjdHNZJGFyY2hpdmVyVCR0b3ASAAGGoKgHCBMUFRYaIVUkbnVsbNMJCgsMDxJXTlMua2V5c1pOUy5vYmplY3RzViRjbGFzc6INDoACgAOiEBGABIAFgAdccmVsYXRpdmVQYXRoWWFsaWFzRGF0YV8QcS4uLy4uLy4uLy4uL0Rlc2t0b3AvZGF0YS9zeW5jL0xpdGVyYXR1cmUvRGVnZW5UZXNzbGVyXzIwMTVfV29ua3kgd29ybGRzIExpc3RlbmVycyByZXZpc2Ugd29ybGQga25vd2xlZGdlIHdoZW4ucGRm0hcLGBlXTlMuZGF0YU8RAnIAAAAAAnIAAgAADE1hY2ludG9zaCBIRAAAAAAAAAAAAAAAAAAAAM/URuZIKwAAAAx7tR9EZWdlblRlc3NsZXJfMjAxNV9XbyNBMUVCRkUucGRmAAAAAAAAAAAAAAAAAAAAAAAAAAAAAAAAAAAAAAAAAAAAoev+0XE4JgAAAAAAAAAAAAQABQAACSAAAAAAAAAAAAAAAAAAAAAKTGl0ZXJhdHVyZQAQAAgAAM/UKsYAAAARAAgAANFxHAYAAAABABgADHu1AAx7OwALqGYACryJAAk+CAACZvkAAgBbTWFjaW50b3NoIEhEOlVzZXJzOgBtaWNoYToARGVza3RvcDoAZGF0YToAc3luYzoATGl0ZXJhdHVyZToARGVnZW5UZXNzbGVyXzIwMTVfV28jQTFFQkZFLnBkZgAADgCSAEgARABlAGcAZQBuAFQAZQBzAHMAbABlAHIAXwAyADAAMQA1AF8AVwBvAG4AawB5ACAAdwBvAHIAbABkAHMAIABMAGkAcwB0AGUAbgBlAHIAcwAgAHIAZQB2AGkAcwBlACAAdwBvAHIAbABkACAAawBuAG8AdwBsAGUAZABnAGUAIAB3AGgAZQBuAC4AcABkAGYADwAaAAwATQBhAGMAaQBuAHQAbwBzAGgAIABIAEQAEgBxVXNlcnMvbWljaGEvRGVza3RvcC9kYXRhL3N5bmMvTGl0ZXJhdHVyZS9EZWdlblRlc3NsZXJfMjAxNV9Xb25reSB3b3JsZHMgTGlzdGVuZXJzIHJldmlzZSB3b3JsZCBrbm93bGVkZ2Ugd2hlbi5wZGYAABMAAS8AABUAAgAM//8AAIAG0hscHR5aJGNsYXNzbmFtZVgkY2xhc3Nlc11OU011dGFibGVEYXRhox0fIFZOU0RhdGFYTlNPYmplY3TSGxwiI1xOU0RpY3Rpb25hcnmiIiBfEA9OU0tleWVkQXJjaGl2ZXLRJidUcm9vdIABAAgAEQAaACMALQAyADcAQABGAE0AVQBgAGcAagBsAG4AcQBzAHUAdwCEAI4BAgEHAQ8DhQOHA4wDlwOgA64DsgO5A8IDxwPUA9cD6QPsA/EAAAAAAAACAQAAAAAAAAAoAAAAAAAAAAAAAAAAAAAD8w==}}

@article{Savage1971:Elicitation-of-,
	Author = {Leonard Jimmie Savage},
	Date-Added = {2015-06-03 10:20:48 +0000},
	Date-Modified = {2015-06-03 10:22:25 +0000},
	Journal = {Journal of the American Statistical Association},
	Number = 336,
	Pages = {783--801},
	Title = {Elicitation of personal probabilities and expectations},
	Volume = 66,
	Year = 1971
	}

